@incollection{NIPS2015_5810,
title = {Inference for determinantal point processes without spectral knowledge},
author = {Bardenet, R. and Titsias, M.K.},
booktitle = {Advances in Neural Information Processing Systems 28},
editor = {C. Cortes and N. D. Lawrence and D. D. Lee and M. Sugiyama and R. Garnett},
pages = {3393--3401},
year = {2015},
publisher = {Curran Associates, Inc.},
}

@article{argiento2016posterior,	
  title={Posterior sampling from $\varepsilon$-approximation of normalized completely random measure mixtures},	
  author={Argiento, Raffaele and Bianchini, Ilaria and Guglielmi, Alessandra},	
  journal={Electronic Journal of Statistics},	
  volume={10},	
  number={2},	
  pages={3516--3547},	
  year={2016},	
  publisher={The Institute of Mathematical Statistics and the Bernoulli Society}	
}

@techreport{argiento2019infinity,
  author      = "{Argiento}, Raffaele and {De Iorio}, Maria",
  title       = "Is infinity that far? A Bayesian nonparametric perspective of finite mixture models",
  institution = "available at arXiv:1904.09733",
  year        = "2019"
}

@article{berthelsen2003likelihood,
  title={Likelihood and non-parametric Bayesian MCMC inference for spatial point processes based on perfect simulation and path sampling},
  author={Berthelsen, Kasper K and M{\o}ller, Jesper},
  journal={Scandinavian Journal of Statistics},
  volume={30},
  number={3},
  pages={549--564},
  year={2003},
  publisher={Wiley Online Library}
}

@article{berthelsen2008nonparametric,
  title={Non-parametric Bayesian inference for inhomogeneous Markov point processes},
  author={Berthelsen, Kasper K and M{\o}ller, Jesper},
  journal={Australian \& New Zealand Journal of Statistics},
  volume={50},
  number={3},
  pages={257--272},
  year={2008},
  publisher={Wiley Online Library}
}

@article{bianchini2018determinantal,
  title={Determinantal point process mixtures via spectral density approach},
  author={Bianchini, Ilaria and Guglielmi, Alessandra and Quintana, Fernando A},
  journal={Bayesian Analysis},
  year={2020},
  volume={15},
   pages={187--214}
}

@article{binder1978bayesian,
  title={Bayesian cluster analysis},
  author={Binder, David A},
  journal={Biometrika},
  volume={65},
  number={1},
  pages={31--38},
  year={1978},
  publisher={Oxford University Press}
}

@article{biscio2016quantifying,
  title={Quantifying repulsiveness of determinantal point processes},
  author={Biscio, Christophe Ange Napol{\'e}on and Lavancier, Fr{\'e}d{\'e}ric and others},
  journal={Bernoulli},
  volume={22},
  number={4},
  pages={2001--2028},
  year={2016},
  publisher={Bernoulli Society for Mathematical Statistics and Probability}
}

@article{blei2003latent,	
  title={Latent Dirichlet allocation},	
  author={Blei, David M and Ng, Andrew Y and Jordan, Michael I},	
  journal={Journal of Machine Learning Research},	
  volume={3},	
  number={Jan},	
  pages={993--1022},	
  year={2003}	
}

@Manual{bnpmix,	
    title = {BNPmix: Bayesian Nonparametric Mixture Models},	
    author = {Riccardo Corradin and Antonio Canale and Bernardo Nipoti},	
    year = {2020},	
    note = {R package version 0.2.7},	
}

@inproceedings{cai2017finite,
  title={Finite mixture models are typically inconsistent for the number of components},
  author={Cai, Diana and Campbell, Trevor and Broderick, Tamara},
  booktitle={NeurIPS Workshop on Advances in Approximate Bayesian Inference (AABI)},
  year={2017}
}

@book{collins2009latent,
  title={Latent Class and Latent Transition Analysis: With Applications in the Social, Behavioral, and Health Sciences},
  author={Collins, Linda M and Lanza, Stephanie T},
  volume={},
  year={2009},
  publisher={John Wiley \& Sons, New York}
}

@article{deblasi2013misspecified,
  title={Bayesian asymptotics with misspecified models},
  author={De Blasi, Pierpaolo and Walker, Stephen G},
  journal={Statistica Sinica},
  pages={169--187},
  year={2013},
  publisher={JSTOR}
}

@article{dellaportas2006multivariate,
  title={Multivariate mixtures of normals with unknown number of components},
  author={Dellaportas, Petros and Papageorgiou, Ioulia},
  journal={Statistics and Computing},
  volume={16},
  number={1},
  pages={57--68},
  year={2006},
  publisher={Springer}
}

@article{kleijn2006misspecification,
  title={Misspecification in infinite-dimensional Bayesian statistics},
  author={Kleijn, Bas JK and van der Vaart, Aad W and others},
  journal={The Annals of Statistics},
  volume={34},
  number={2},
  pages={837--877},
  year={2006},
  publisher={Institute of Mathematical Statistics}
}

@article{favaro2011class,	
  title={On a class of distributions on the simplex},	
  author={Favaro, Stefano and Hadjicharalambous, Georgia and Pr{\"u}nster, Igor},	
  journal={Journal of Statistical Planning and Inference},	
  volume={141},	
  number={9},	
  pages={2987--3004},	
  year={2011},	
  publisher={Elsevier}	
}	



@article{favaro2013mcmc,
  title={MCMC for normalized random measure mixture models},
  author={Favaro, Stefano and Teh, Yee Whye and others},
  journal={Statistical Science},
  volume={28},
  number={3},
  pages={335--359},
  year={2013},
  publisher={Institute of Mathematical Statistics}
}

@article{fraley2007bayesian,
  title={Bayesian regularization for normal mixture estimation and model-based clustering},
  author={Fraley, Chris and Raftery, Adrian E},
  journal={Journal of Classification},
  volume={24},
  number={2},
  pages={155--181},
  year={2007},
  publisher={Springer}
}

@book{fruhwirth2019handbook,
  title={Handbook of Mixture Analysis},
  author={Fruhwirth-Schnatter, Sylvia and Celeux, Gilles and Robert, Christian P},
  year={2019},
  publisher={Chapman and Hall/CRC, New York}
}

@article{fuquene2019choosing,
  title={On choosing mixture components via non-local priors},
  author={F{\'u}quene, Jairo and Steel, Mark and Rossell, David},
  journal={Journal of the Royal Statistical Society: Series B (Statistical Methodology)},
  volume={81},
  number={5},
  pages={809--837},
  year={2019},
  publisher={Wiley Online Library}
}

@article{gelfand2002computational,
  title={A computational approach for full nonparametric Bayesian inference under Dirichlet process mixture models},
  author={Gelfand, Alan E and Kottas, Athanasios},
  journal={Journal of Computational and Graphical Statistics},
  volume={11},
  number={2},
  pages={289--305},
  year={2002},
  publisher={Taylor \& Francis}
}

@article{geyer1994simulation,
  title={Simulation procedures and likelihood inference for spatial point processes},
  author={Geyer, Charles J and M{\o}ller, Jesper},
  journal={Scandinavian Journal of Statistics},
  volume={21},
  pages={359--373},
  year={1994},
  publisher={JSTOR}
}

@article{ghosal2007posterior,
  title={Posterior convergence rates of Dirichlet mixtures at smooth densities},
  author={Ghosal, Subhashis and Van Der Vaart, Aad and others},
  journal={The Annals of Statistics},
  volume={35},
  number={2},
  pages={697--723},
  year={2007},
  publisher={Institute of Mathematical Statistics}
}

@article{green1995reversible,
  title={Reversible jump Markov chain Monte Carlo computation and Bayesian model determination},
  author={Green, Peter J},
  journal={Biometrika},
  volume={82},
  number={4},
  pages={711--732},
  year={1995},
  publisher={Oxford University Press}
}

@incollection{green2003trans,	
  title={Trans-dimensional Markov chain Monte Carlo},	
  author={Green, Peter J},	
  booktitle ={Highly Structured Stochastic Systems},	
  editor ={P. J. Green and N. L. Hjort and S. Richardson},	
  publisher    = {Oxford University Press, Oxford U.K.},	
  pages={179--198}, 	
  year={2010}	
}

@techreport{guha2019posterior,
  author      = "Aritra Guha and Nhat Ho and XuanLong Nguyen",
  title       = "On posterior contraction of parameters and interpretability in Bayesian mixture modeling",
  institution = "available at arXiv:1901.05078",
  year        = "2019"
}

@Book{hough2009zeros,
  author	= {J. B. Hough and M. Krishnapur and Y. Peres and B. Vir\'{a}g},
  title		= {Zeros of Gaussian Analytic Functions and Determinantal Point Processes},
  publisher	= {American Mathematical Society},
  address       = {Providence},
  year		= 2009
}

@article{Hough:etal:06,
	Author = {J. Ben Hough and Manjunth Krishnapur and Yuval Peres and B\`{a}lint Vir\`{a}g},
	Journal = {Probability Surveys},
	Pages = {206--229},
	Title = {Determinantal processes and independence},
	Volume = 3,
	Year = 2006}

@book{jackman2009bayesian,
  title={Bayesian analysis for the social sciences},
  author={Jackman, Simon},
  year={2009},
  publisher={John Wiley \& Sons}
}

@article{james2009posterior,
  title={Posterior analysis for normalized random measures with independent increments},
  author={James, Lancelot F and Lijoi, Antonio and Pr{\"u}nster, Igor},
  journal={Scandinavian Journal of Statistics},
  volume={36},
  number={1},
  pages={76--97},
  year={2009},
  publisher={Wiley Online Library}
}

@article{kalli2011slice,
  title={Slice sampling mixture models},
  author={Kalli, Maria and Griffin, Jim E and Walker, Stephen G},
  journal={Statistics and computing},
  volume={21},
  number={1},
  pages={93--105},
  year={2011},
  publisher={Springer}
}

@article{kendall2000perfect,
  title={Perfect simulation using dominating processes on ordered spaces, with application to locally stable point processes},
  author={Kendall, Wilfrid S and M{\o}ller, Jesper},
  journal={Advances in Applied Probability},
  volume={32},
  pages={844--865},
  year={2000},
  publisher={JSTOR}
}

@article{lavancier2015determinantal,
  title={Determinantal point process models and statistical inference},
  author={Lavancier, Fr{\'e}d{\'e}ric and M{\o}ller, Jesper and Rubak, Ege},
  journal={Journal of the Royal Statistical Society: Series B (Statistical Methodology)},
  volume={77},
  number={4},
  pages={853--877},
  year={2015},
  publisher={Wiley Online Library}
}

@article{li2018bayesian,
  title={Bayesian latent class analysis tutorial},
  author={Li, Yuelin and Lord-Bessen, Jennifer and Shiyko, Mariya and Loeb, Rebecca},
  journal={Multivariate Behavioral Research},
  volume={53},
  number={3},
  pages={430--451},
  year={2018},
  publisher={Taylor \& Francis}
}

@incollection{lijoi2010models,	
  title={Models beyond the Dirichlet process},	
  author={Lijoi, Antonio and Pr{\"u}nster, Igor},	
  booktitle ={Bayesian Nonparametrics},	
  editor ={N. Hjort and C. Holmes and P. M\"uller and S. Walker},	
  publisher    = {Cambridge University Press, Cambridge},	
  pages={80--136}, 	
  year={2010}	
}
 

@article{lo1984dpm,
  title={On a class of Bayesian nonparametric estimates: I. Density estimates},
  author={Lo, Albert Y},
  journal={The annals of statistics},
  pages={351--357},
  year={1984},
  publisher={JSTOR}
}

@Article{Macchi:75,
  author = 	 {O. Macchi},
  title = 	 {The coincidence approach to stochastic point processes},
  journal = 	 {Advances in Applied Probability},
  year = 	 1975,
  volume =	 7,
  pages =	 {83--122}
}

@article{miller2014inconsistency,
  title={Inconsistency of Pitman-Yor process mixtures for the number of components},
  author={Miller, Jeffrey W and Harrison, Matthew T},
  journal={The Journal of Machine Learning Research},
  volume={15},
  number={1},
  pages={3333--3370},
  year={2014},
  publisher={JMLR. org}
}

@article{miller2018mixture,
  title={Mixture models with a prior on the number of components},
  author={Miller, Jeffrey W and Harrison, Matthew T},
  journal={Journal of the American Statistical Association},
  volume={113},
  number={521},
  pages={340--356},
  year={2018},
  publisher={Taylor \& Francis}
}

@article{miller2019robust,
  title={Robust Bayesian inference via coarsening},
  author={Miller, Jeffrey W and Dunson, David B},
  journal={Journal of the American Statistical Association},
  volume={114},
  number={527},
  pages={1113--1125},
  year={2019},
  publisher={Taylor \& Francis}
}

@article{molitor2010bayesian,
  title={Bayesian profile regression with an application to the National Survey of Children's Health},
  author={Molitor, John and Papathomas, Michail and Jerrett, Michael and Richardson, Sylvia},
  journal={Biostatistics},
  volume={11},
  number={3},
  pages={484--498},
  year={2010},
  publisher={Oxford University Press}
}

@book{moller2003statistical,
  title={Statistical Inference and Simulation for Spatial Point Processes},
  author={M{\o}ller, Jesper and Waagepetersen, Rasmus Plenge},
  year={2004},
  publisher={Chapman and Hall/CRC, Boca Raton}
}

@article{moller2006efficient,
  title={An efficient Markov chain Monte Carlo method for distributions with intractable normalising constants},
  author={M{\o}ller, Jesper and Pettitt, Anthony N and Reeves, Robert and Berthelsen, Kasper K},
  journal={Biometrika},
  volume={93},
  number={2},
  pages={451--458},
  year={2006},
  publisher={Oxford University Press}
}


@article{moller2018couplings,
  title={Couplings for determinantal point processes and their reduced Palm distributions with a view to quantifying repulsiveness},
  author={J. M{\o}ller  and E. O'Reilly},
  journal={Advances in Applied Probability {\rm{(to appear). Available at arXiv:1806.07347}}}, 
  year={2021}
}

@article{muller2013bayesian,	
  title={Bayesian nonparametric inference -- why and how},	
  author={M{\"u}ller, Peter and Mitra, Riten},	
  journal={Bayesian Analysis},	
  volume={8},	
  number={},
  pages={269--302},	
  year={2013},	
  publisher={NIH Public Access}	
}

@inproceedings{murray2006mcmc,
author = {Murray, Iain and Ghahramani, Zoubin and MacKay, David J. C.},
title = {MCMC for doubly-intractable distributions},
year = {2006},
isbn = {0974903922},
publisher = {AUAI Press},
address = {Arlington, Virginia, USA},
booktitle = {Proceedings of the Twenty-Second Conference on Uncertainty in Artificial Intelligence},
pages = {359–366},
numpages = {8},
location = {Cambridge, MA, USA},
series = {UAI’06}
}

@article{nobile1994bayesian,
  title={Bayesian analysis of finite mixture distributions},
  author={Nobile, Agostino},
  year={1994},
}


@article{papangelou1974conditional,
  title={The conditional intensity of general point processes and an application to line processes},
  author={Papangelou, Fredos},
  journal={Zeitschrift f{\"u}r Wahrscheinlichkeitstheorie und verwandte Gebiete},
  volume={28},
  number={3},
  pages={207--226},
  year={1974},
  publisher={Springer}
}

@article{papaspiliopoulos2008retrospective,	
  title={Retrospective Markov chain Monte Carlo methods for Dirichlet process hierarchical models},	
  author={Papaspiliopoulos, Omiros and Roberts, Gareth O},	
  journal={Biometrika},	
  volume={95},	
  number={1},	
  pages={169--186},	
  year={2008},	
  publisher={Oxford University Press}	
}		
@incollection{petralia2012repulsive,	
title = {Repulsive mixtures},	
author = {Petralia, Francesca and Rao, Vinayak and David B. Dunson},	
booktitle = {Advances in Neural Information Processing Systems 25},	
editor = {F. Pereira and C. J. C. Burges and L. Bottou and K. Q. Weinberger},	
pages = {1889--1897},	
year = {2012},	
publisher = {Curran Associates, Inc.}	
}

@article{propp1996exact,
  title={Exact sampling with coupled Markov chains and applications to statistical mechanics},
  author={Propp, James Gary and Wilson, David Bruce},
  journal={Random Structures \& Algorithms},
  volume={9},
  number={1-2},
  pages={223--252},
  year={1996},
  publisher={Wiley Online Library}
}

@article{regazzini2003distributional,	
  title={Distributional results for means of normalized random measures with independent increments},	
  author={Regazzini, Eugenio and Lijoi, Antonio and Pr{\"u}nster, Igor},	
  journal={The Annals of Statistics},	
  volume={31},	
  number={2},	
  pages={560--585},	
  year={2003}	
}

@article{richardson1997bayesian,
  title={On Bayesian analysis of mixtures with an unknown number of components (with discussion)},
  author={Richardson, Sylvia and Green, Peter J},
  journal={Journal of the Royal Statistical Society: Series B (Statistical Methodology)},
  volume={59},
  number={4},
  pages={731--792},
  year={1997},
  publisher={Wiley Online Library}
}

@article{quinlan2017parsimonious,
  title={Parsimonious hierarchical modeling using repulsive distributions},
  author={Quinlan, Jos{\'e} J and Quintana, Fernando A and Page, Garritt L},
  journal={Test {\rm{(to appear)}}},
  year={2020}
}

@article{ramamoorthi2015posterior,
  title={On posterior concentration in misspecified models},
  author={Ramamoorthi, RV and Sriram, Karthik and Martin, Ryan and others},
  journal={Bayesian Analysis},
  volume={10},
  number={4},
  pages={759--789},
  year={2015},
  publisher={International Society for Bayesian Analysis}
}

@article{stephens2000bayesian,
  title={Bayesian analysis of mixture models with an unknown number of components-an alternative to reversible jump methods},
  author={Stephens, Matthew},
  journal={Annals of statistics},
  pages={40--74},
  year={2000},
  publisher={JSTOR}
}

@article{strauss1975model,
  title={A model for clustering},
  author={Strauss, David J},
  journal={Biometrika},
  volume={62},
  number={2},
  pages={467--475},
  year={1975},
  publisher={Oxford University Press}
}

@article{wade2018bayesian,
  title={Bayesian cluster analysis: Point estimation and credible balls (with discussion)},
  author={Wade, Sara and Ghahramani, Zoubin and others},
  journal={Bayesian Analysis},
  volume={13},
  number={2},
  pages={559--626},
  year={2018},
  publisher={International Society for Bayesian Analysis}
}

@article{xie2019bayesian,	
  title={Bayesian repulsive gaussian mixture model},	
  author={Xie, Fangzheng and Xu, Yanxun},	
  journal={Journal of the American Statistical Association},	
  pages={187--203},	
  year={2019},	
  publisher={Taylor \& Francis}	
}

@article{xu2016bayesian,
  title={Bayesian inference for latent biologic structure with determinantal point processes (DPP)},
  author={Xu, Yanxun and M{\"u}ller, Peter and Telesca, Donatello},
  journal={Biometrics},
  volume={72},
  number={3},
  pages={955--964},
  year={2016},
  publisher={Wiley Online Library}
}
